@article{gorecki2022information,
  title={Information Processing Using Networks of Chemical Oscillators},
  author={Gorecki, Jerzy},
  journal={Entropy},
  volume={24},
  number={8},
  pages={1054},
  year={2022},
  publisher={MDPI}
}

@article{jin2017chemotaxis,
  title={Chemotaxis and autochemotaxis of self-propelling droplet swimmers},
  author={Jin, Chenyu and Kr{\"u}ger, Carsten and Maass, Corinna C},
  journal={Proceedings of the National Academy of Sciences},
  volume={114},
  number={20},
  pages={5089--5094},
  year={2017},
  publisher={National Acad Sciences}
}

@article{ryabchun2022run,
  title={Run-and-halt motility of droplets in response to light},
  author={Ryabchun, Alexander and Babu, Dhanya and Movilli, Jacopo and Plamont, R{\'e}mi and Stuart, Marc CA and Katsonis, Nathalie},
  journal={Chem},
  volume={8},
  number={8},
  pages={2290--2300},
  year={2022},
  publisher={Elsevier}
}

@book{sinha2014patterns,
  title={Patterns in excitable media: Genesis, dynamics, and control},
  author={Sinha, Sitabhra and Sridhar, Seshan},
  year={2014},
  publisher={CRC Press}
}

@article{zhang2019stability,
  title={Stability of target waves in excitable media under electromagnetic induction and radiation},
  author={Zhang, Yin and Wu, Fuqiang and Wang, Chunni and Ma, Jun},
  journal={Physica A: Statistical Mechanics and its Applications},
  volume={521},
  pages={519--530},
  year={2019},
  publisher={Elsevier}
}

@article{zykov2018spiral,
  title={Spiral wave initiation in excitable media},
  author={Zykov, Vladimir S},
  journal={Philosophical Transactions of the Royal Society A: Mathematical, Physical and Engineering Sciences},
  volume={376},
  number={2135},
  pages={20170379},
  year={2018},
  publisher={The Royal Society Publishing}
}

@article{sutthiopad2015propagation,
  title={Propagation of spiral waves pinned to circular and rectangular obstacles},
  author={Sutthiopad, Malee and Luengviriya, Jiraporn and Porjai, Porramain and Phantu, Metinee and Kanchanawarin, Jarin and M{\"u}ller, Stefan C and Luengviriya, Chaiya},
  journal={Physical Review E},
  volume={91},
  number={5},
  pages={052912},
  year={2015},
  publisher={APS}
}

@article{lim2006spiral,
  title={Spiral wave attachment to millimeter-sized obstacles},
  author={Lim, Zhan Yang and Maskara, Barun and Aguel, Felipe and Emokpae Jr, Roland and Tung, Leslie},
  journal={Circulation},
  volume={114},
  number={20},
  pages={2113--2121},
  year={2006},
  publisher={Am Heart Assoc}
}
@article{Huang2004,
  author = {Huang, Xiaoying and Troy, William C and Yang, Qian and Ma, Hongtao and Laing, Carlo R and Schiff, Steven J and Wu, Jian-Young},
  journal = {J. Neurosci.},
  number = {44},
  pages = {9897--902},
  title = {{Spiral waves in disinhibited mammalian neocortex.}},
  volume = {24},
  year = {2004},
}



@article{feng2022removal,
  title={Removal of spiral turbulence by virtual electrodes through the use of a circularly polarized electric field},
  author={Feng, Xia and Yin, XunLi and Wen, JunQing and Wu, Hua and Gao, Xiang},
  journal={Chaos: An Interdisciplinary Journal of Nonlinear Science},
  volume={32},
  number={9},
  pages={093145},
  year={2022},
  publisher={AIP Publishing LLC}
}
@article{Feng2014,
author = {Feng, Xia and Gao, Xiang and Pan, De-Bei and Li, Bing-Wei and Zhang, Hong},
doi = {10.1038/srep04831},
journal = {Scientific reports},
month = {jan},
pages = {4831},
pmid = {24777360},
publisher = {Nature Publishing Group},
title = {{Unpinning of rotating spiral waves in cardiac tissues by circularly polarized electric fields.}},
url = {http://www.nature.com/srep/2014/140429/srep04831/full/srep04831.html},
volume = {4},
year = {2014}
}
@article{Karma2013,
author = {Karma, Alain},
doi = {10.1146/annurev-conmatphys-020911-125112},
issn = {1947-5454},
journal = {Annual Review of Condensed Matter Physics},
month = {apr},
number = {1},
pages = {313--337},
title = {{Physics of Cardiac Arrhythmogenesis}},
url = {http://www.annualreviews.org/doi/abs/10.1146/annurev-conmatphys-020911-125112},
volume = {4},
year = {2013}
}

@article{bittihn2012negative,
  title={Negative curvature boundaries as wave emitting sites for the control of biological excitable media},
  author={Bittihn, Philip and H{\"o}rning, Marcel and Luther, Stefan},
  journal={Physical Review Letters},
  volume={109},
  number={11},
  pages={118106},
  year={2012},
  publisher={APS}
}

@article{steinbock1992electric,
  title={Electric-field-induced drift and deformation of spiral waves in an excitable medium},
  author={Steinbock, O and Sch{\"u}tze, J and M{\"u}ller, SC},
  journal={Physical Review Letters},
  volume={68},
  number={2},
  pages={248},
  year={1992},
  publisher={APS}
}

@article{punacha2020theory,
  title={Theory of unpinning of spiral waves using circularly polarized electric fields in mathematical models of excitable media},
  author={Punacha, Shreyas and Shajahan, TK and others},
  journal={Physical Review E},
  volume={102},
  number={3},
  pages={032411},
  year={2020},
  publisher={APS}
}

@article{pan2016removal,
  title={Removal of pinned scroll waves in cardiac tissues by electric fields in a generic model of three-dimensional excitable media},
  author={Pan, De-Bei and Gao, Xiang and Feng, Xia and Pan, Jun-Ting and Zhang, Hong},
  journal={Scientific Reports},
  volume={6},
  number={1},
  pages={1--8},
  year={2016},
  publisher={Nature Publishing Group}
}

@article{jimenez2013electric,
  title={Electric-field-controlled unpinning of scroll waves},
  author={Jim{\'e}nez, Zulma A and Zhang, Zhihui and Steinbock, Oliver},
  journal={Physical Review E},
  volume={88},
  number={5},
  pages={052918},
  year={2013},
  publisher={APS}
}

@article{pumir2007wave,
  title={Wave emission from heterogeneities opens a way to controlling chaos in the heart},
  author={Pumir, Alain and Nikolski, V and H{\"o}rning, M and Isomura, A and Agladze, K and Yoshikawa, K and Gilmour, Robert and Bodenschatz, Eberhard and Krinsky, Valentin},
  journal={Physical Review Letters},
  volume={99},
  number={20},
  pages={208101},
  year={2007},
  publisher={APS}
}

@article{chen2009synchronization,
  title={Synchronization of a spiral by a circularly polarized electric field in reaction-diffusion systems},
  author={Chen, Jiang-Xing and Zhang, Hong and Li, You-Quan},
  journal={The Journal of Chemical Physics},
  volume={130},
  number={12},
  pages={124510},
  year={2009},
  publisher={American Institute of Physics}
}

@article{li2013chiral,
  title={Chiral symmetry breaking in a reaction-diffusion system},
  author={Li, Bing-Wei and Deng, Ling-Yun and Zhang, Hong},
  journal={Physical Review E},
  volume={87},
  number={4},
  pages={042905},
  year={2013},
  publisher={APS}
}

@article{chen2006drift,
  title={Drift of spiral waves controlled by a polarized electric field},
  author={Chen, Jiang-Xing and Zhang, Hong and Li, You-Quan},
  journal={The Journal of chemical physics},
  volume={124},
  number={1},
  pages={014505},
  year={2006},
  publisher={American Institute of Physics}
}

@article{ji2013experimental,
  title={Experimental evidence of using a circularly polarized electric field to control spiral turbulence},
  author={Ji, Lin and Zhou, Yi and Li, Qian and Qiao, Chun and Ouyang, Qi},
  journal={Physical Review E},
  volume={88},
  number={4},
  pages={042919},
  year={2013},
  publisher={APS}
}


@article{Amrutha,
  title={Mechanism of Spiral Wave Unpinning in the {B}elousovâ€“{Z}habotinsky Reaction with a {DC} Electric Field},
  author={Amrutha, S V and Sebastian, Anupama  and Sibeesh, Puthiyapurayil and  Punacha, Shreyas and Shajahan, T K},
  journal={The Journal of Physical Chemistry C},
  DOI={10.1021/acs.jpcc.2c01452},
  year={2022},
  publisher={ACS}
}

@software{gimp,
  author = {{The GIMP Development Team}},
  title = {GIMP},
  url = {https://www.gimp.org},
  version = {2.10.12},
  date = {2019-06-12},
}

@article{barkley1991model,
  title={A model for fast computer simulation of waves in excitable media},
  author={Barkley, Dwight},
  journal={Physica D: Nonlinear Phenomena},
  volume={49},
  number={1-2},
  pages={61--70},
  year={1991},
  publisher={Elsevier}
}

@article{Zemlin2012,
  author = {Zemlin, Christian W and Pertsov, Arkady M.},
  journal = {Phys. Rev. Lett.},
  number = {3},
  pages = {038303},
  title = {{Anchoring of drifting spiral and scroll waves to impermeable inclusions in excitable media}},
  volume = {109},
  year = {2012},
}

@article{Luther2011,
  author = {Luther, Stefan and Fenton, Flavio H and Kornreich, Bruce G and Squires, Amgad and Bittihn, Philip and Hornung, Daniel and Zabel, Markus and Flanders, James and Gladuli, Andrea and Campoy, Luis and Cherry, Elizabeth M and Luther, Gisa and Hasenfuss, Gerd and Krinsky, Valentin I. and Pumir, Alain and Gilmour, Robert F and Bodenschatz, Eberhard},
  journal = {Nature},
  number = {7355},
  pages = {235--9},
  pmid = {21753855},
  title = {{Low-energy control of electrical turbulence in the heart}},
  volume = {475},
  year = {2011},
}
@article{Bittihn2010,
  author = {Bittihn, Philip and Squires, Amgad and Luther, Gisa and Bodenschatz, Eberhard and Krinsky, Valentin I. and Parlitz, Ulrich and Luther, Stefan},
  journal = {Philos. Trans. A. Math. Phys. Eng. Sci.},
  number = {1918},
  pages = {2221--36},
  pmid = {20368243},
  title = {{Phase-resolved analysis of the susceptibility of pinned spiral waves to far-field pacing in a two-dimensional model of excitable media}},
  volume = {368},
  year = {2010},
}


@article{Shajahan:07,
  author = {Shajahan, T K and Sinha, Sitabhra and Pandit, Rahul},
  journal = {Phys. Rev. E},
  pages = {11929},
  title = {{Spiral-wave dynamics depends sensitively on inhomogeneities in mathematical models of ventricular tissue}},
  volume = {75},
  year = {2007},
}

@article{Gray2011,
  title = {{Cardiovascular disease: several small shocks beat one big one.}},
  date = {2011 Jul 13},
  source = {Nature},
  authors = {Gray, RA and Wikswo, JP},
  author = {Gray, RA and Wikswo, JP},
  year = {2011},
  month = {Jul},
  journal = {Nature},
  volume = {475},
  number = {},
  pages = {181-2},
  pubmed_id = {21753846},
}

